<record><leader>00000cas a22000007a 4500</leader><controlfield tag="001">20404406</controlfield><controlfield tag="008">890927c19459999moudn ne      0    0eng d</controlfield><datafield ind1=" " ind2=" " tag="010"><subfield code="a">sn 89066950 </subfield></datafield><datafield ind1=" " ind2=" " tag="040"><subfield code="a">MQN</subfield><subfield code="b">eng</subfield><subfield code="c">MQN</subfield><subfield code="d">OCLCQ</subfield></datafield><datafield ind1=" " ind2=" " tag="042"><subfield code="a">msc</subfield></datafield><datafield ind1="0" ind2="4" tag="245"><subfield code="a">The Lebanon daily record.</subfield></datafield><datafield ind1=" " ind2=" " tag="260"><subfield code="a">Lebanon, Mo. :</subfield><subfield code="b">Ozark Newspapers</subfield></datafield><datafield ind1=" " ind2=" " tag="300"><subfield code="a">v.</subfield></datafield><datafield ind1=" " ind2=" " tag="310"><subfield code="a">Daily (except Sat. &amp; Sun.)</subfield></datafield><datafield ind1="1" ind2=" " tag="362"><subfield code="a">Began with Aug. 6, 1945 issue?</subfield></datafield><datafield ind1=" " ind2=" " tag="588"><subfield code="a">Description based on: Vol. 1, no. 132 (Feb. 6, 1946).</subfield></datafield><datafield ind1=" " ind2="4" tag="651"><subfield code="a">Lebanon (Mo.)</subfield><subfield code="v">Newspapers.</subfield></datafield><datafield ind1=" " ind2="4" tag="651"><subfield code="a">Laclede County (Mo.)</subfield><subfield code="v">Newspapers.</subfield></datafield><datafield ind1=" " ind2=" " tag="752"><subfield code="a">United States</subfield><subfield code="b">Missouri</subfield><subfield code="c">Laclede</subfield><subfield code="d">Lebanon.</subfield></datafield><datafield ind1="0" ind2="5" tag="780"><subfield code="t">Lebanon daily news (Lebanon, Mo.)</subfield><subfield code="w">(DLC)sn 89066948</subfield></datafield><datafield ind1="0" ind2="5" tag="780"><subfield code="t">Rustic republican</subfield><subfield code="w">(DLC)sn 89066980</subfield></datafield></record>